@misc{PahoMqttClient,
	author = {Ian Craggs},
	title = {Paho MQTT C Client for Posix and Windows},
	year = 2017,
	url = {https://www.eclipse.org/paho/clients/c/},
	note = {Accessed: 2017-10-07},
	urldate = {2017-10-07}
}

@misc{PahoMqttEmbbeddedcClient,
	author = {Ian Craggs},
	title = {Embedded MQTT C/C++ Client Libraries},
	year = 2017,
	url = {https://www.eclipse.org/paho/clients/c/embedded/},
	note = {Accessed: 2017-10-07},
	urldate = {2017-10-07}
}

@misc{PahoMqttEmbbeddedcClientGithub,
	author = {Ian Craggs},
	title = {Embedded MQTT C/C++ Client Libraries Github project},
	year = 2017,
	url = {https://github.com/eclipse/paho.mqtt.embedded-c},
	note = {Accessed: 2017-10-07},
	urldate = {2017-10-07}
}

@misc{PahoMqttEmbbeddedcClientGithubIPStack,
	author = {Ian Craggs},
	title = {Embedded MQTT C/C++ Client Libraries IPStack},
	year = 2017,
	url = {https://github.com/eclipse/paho.mqtt.embedded-c/blob/master/MQTTClient/src/linux/linux.cpp},
	note = {Accessed: 2017-10-07},
	urldate = {2017-10-07}
}

@misc{arduinosdlibrary,
	author = {Arduino CC},
	title = {SD Library},
	year = 2017,
	url = {https://www.arduino.cc/en/Reference/SD},
	note = {Accessed: 2017-10-07},
	urldate = {2017-10-07}
}

@misc{83filenames,
	author = {Microsoft Corporation},
	title = {How to disable 8.3 file name creation on NTFS partitions},
	year = 2017,
	url = {https://support.microsoft.com/de-de/help/121007/how-to-disable-8-3-file-name-creation-on-ntfs-partitions},
	note = {Accessed: 2017-10-07},
	urldate = {2017-10-07}
}


@misc{nodemcupubsubmqttmessagehandler,
	author = {Gabriel Nikol},
	title = {NodeMCU MQTT-SN Gateway implementation},
	year = {commit b0b9c6c9e8f6fee359eaee542a4466302565cee6},
	url = {https://github.com/S3ler/NodeMCU-mqtt-sn-gateway/tree/master/lib/Implementation},
	note = {Accessed: 2017-10-07},
	urldate = {2017-10-07}
}

@book{ISO:2012:III,
	added-at = {2012-10-08T01:13:47.000+0200},
	address = {Geneva, Switzerland},
	author = {{ISO}},
	bibdate = {Mon Dec 19 11:12:12 2011},
	bibsource = {http://www.math.utah.edu/pub/tex/bib/isostd.bib},
	biburl = {https://www.bibsonomy.org/bibtex/24b660c16d9a5ab0ad595b1555402c797/gron},
	day = 28,
	interhash = {ff5df6d7fa67f89d7d5ea964dab3e3c9},
	intrahash = {4b660c16d9a5ab0ad595b1555402c797},
	keywords = {C++ Specification Standard},
	month = feb,
	pages = {1338 (est.)},
	publisher = {International Organization for Standardization},
	remark = {Revises ISO/IEC 14882:2003.},
	timestamp = {2012-10-08T01:13:47.000+0200},
	title = {{ISO/IEC 14882:2011 Information technology --- Programming languages --- C++}},
	url = {http://www.iso.org/iso/iso_catalogue/catalogue_tc/catalogue_detail.htm?csnumber=50372},
	year = 2012
}

@misc{gartnertop10predicitions,
	author = {Louis Columbus},
	title = {Gartner's Top 10 Predictions For IT In 2018 And Beyond},
	year = {2017},
	url = {https://www.forbes.com/sites/louiscolumbus/2017/10/03/gartners-top-10-predictions-for-it-in-2018-and-beyond/#69ae75f745bb},
	note = {Accessed: 2017-10-08},
	urldate = {2017-10-08}
}

@misc{eclipseiotdevelopersurveyresults,
	author = {Ian Skerret},
	title = {Eclipse IoT Developer Survey 2017 Results},
	year = {2017},
	url = {https://de.slideshare.net/IanSkerrett/iot-developer-survey-2017},
	note = {Accessed: 2017-10-08},
	urldate = {2017-10-08}
}

@misc{eclipseiotdevelopersurveyresults2016,
	author = {Ian Skerret},
	title = {Eclipse IoT Developer Survey 2016 Results},
	year = {2016},
	url = {https://de.slideshare.net/IanSkerrett/iot-developer-survey-2016},
	note = {Accessed: 2017-10-08},
	urldate = {2017-10-08}
}

@misc{mqttsnstandard,
	author = {Truong, Hong Linh and Stanford-Clark, And},
	title = {MQTT For Sensor Networks (MQTT-SN) Protocol Specification Version 1.2},
	year = {2013},
	url = {https://de.slideshare.net/IanSkerrett/iot-developer-survey-2017},
	note = {Accessed: 2017-10-08},
	urldate = {2017-10-08}
}

@techreport{mqttv311,
	author = {Edited by Andrew Banks and Rahul Gupta},
	title = {MQTT Version 3.1.1},
	year = {2014},
	month = {April},
	day = {10},
	publisher = {OASIS Committee Specification Draft 02 / Public Review Draft 02},
	institution = {OASIS Committee Specification Draft 02 / Public Review Draft 02},
	url = {http://docs.oasis-open.org/mqtt/mqtt/v3.1.1/csprd02/mqtt-v3.1.1-csprd02.html},
	note = {\url{http://docs.oasis-open.org/mqtt/mqtt/v3.1.1/csprd02/mqtt-v3.1.1-csprd02.html}},
}

@misc{mqttessentials,
	author = {dc-square GmbH},
	title = {MQTT Essentials},
	year = {2017},
	url = {https://www.hivemq.com/mqtt-essentials/},
	note = {Accessed: 2017-10-08},
	urldate = {2017-10-08}
}

@misc{mqttessentialspart2,
	author = {dc-square GmbH},
	title = {MQTT Essentials Part 2: Publish And Subscribe},
	year = {2017},
	url = {https://www.hivemq.com/blog/mqtt-essentials-part2-publish-subscribe},
	note = {Accessed: 2017-10-08},
	urldate = {2017-10-08}
}


@inproceedings{conf/ccnc/GovindanA15,
	added-at = {2015-07-24T00:00:00.000+0200},
	author = {Govindan, Kannan and Azad, Amar Prakash},
	biburl = {https://www.bibsonomy.org/bibtex/2f9b03979b142360698ac1fa03ec76f74/dblp},
	booktitle = {CCNC},
	crossref = {conf/ccnc/2015},
	ee = {http://dx.doi.org/10.1109/CCNC.2015.7157991},
	interhash = {a1408a56cd0d944e7d69a795b5a641be},
	intrahash = {f9b03979b142360698ac1fa03ec76f74},
	isbn = {978-1-4799-6390-4},
	keywords = {dblp},
	pages = {290-296},
	publisher = {IEEE},
	timestamp = {2015-07-25T11:36:51.000+0200},
	title = {End-to-end service assurance in IoT MQTT-SN.},
	url = {http://dblp.uni-trier.de/db/conf/ccnc/ccnc2015.html#GovindanA15},
	year = 2015
}

@book{computernetworking,
	author = {Kurose, James F. and Ross, Keith W.},
	title = {Computer Networking: A Top-Down Approach (6th Edition)},
	year = {2012},
	isbn = {0132856204, 9780132856201},
	edition = {6th},
	publisher = {Pearson},
}

@techreport{RFC2616,
	author = {Roy T. Fielding and James Gettys and Jeffrey C. Mogul and Henrik Frystyk Nielsen and Larry Masinter and Paul J. Leach and Tim Berners-Lee},
	title = {Hypertext Transfer Protocol -- HTTP/1.1},
	howpublished = {Internet Requests for Comments},
	type = {RFC},
	number = {2616},
	year = {1999},
	month = {June},
	issn = {2070-1721},
	publisher = {RFC Editor},
	institution = {RFC Editor},
	url = {http://www.rfc-editor.org/rfc/rfc2616.txt},
	note = {\url{http://www.rfc-editor.org/rfc/rfc2616.txt}},
}

@article{howlowenergyisblelowenergy,
author = {Siekkinen, Matti and Hiienkari, Markus and Nurminen, Jukka and Nieminen, Johanna},
year = {2012},
month = {04},
pages = {},
title = {How low energy is Bluetooth low energy? Comparative measurements with ZigBee/802.15.4},
booktitle = {IEEE Wireless Communications and Networking Conference Workshops (WCNCW), Paris, France}
}

@techreport{RFC7228,
	author = {C. Bormann and M. Ersue and A. Keranen},
	title = {Terminology for Constrained-Node Networks},
	howpublished = {Internet Requests for Comments},
	type = {RFC},
	number = {7228},
	year = {2014},
	month = {May},
	issn = {2070-1721},
	publisher = {RFC Editor},
	institution = {RFC Editor},
	url = {http://www.rfc-editor.org/rfc/rfc7228.txt},
	note = {\url{http://www.rfc-editor.org/rfc/rfc7228.txt}},
}

@techreport{citeulike:2134830,
	abstract = {{IEEE Std 802.15.4-2003 defined the protocol and compatible interconnection for data communication devices using low-data-rate, low-power, and low-complexity short-range radio frequency (RF) transmissions in a wireless personal area network (WPAN). This revision extends the market applicability of IEEE Std 802.15.4, removes ambiguities in the standard, and makes improvements revealed by implementations of IEEE Std 802.15.4-2003.}},
	booktitle = {IEEE Std 802.15.4-2006 (Revision of IEEE Std 802.15.4-2003)},
	citeulike-article-id = {2134830},
	citeulike-linkout-0 = {http://dx.doi.org/10.1109/ieeestd.2006.232110},
	citeulike-linkout-1 = {http://ieeexplore.ieee.org/xpls/abs\_all.jsp?arnumber=1700009},
	doi = {10.1109/ieeestd.2006.232110},
	isbn = {0-7381-4996-9},
	journal = {IEEE Std 802.15.4-2006 (Revision of IEEE Std 802.15.4-2003)},
	keywords = {wsn},
	pages = {0\_1--305},
	posted-at = {2008-07-29 03:54:34},
	priority = {2},
	publisher = {IEEE},
	title = {{IEEE Standard for Information Technology- Telecommunications and Information Exchange Between Systems- Local and Metropolitan Area Networks- Specific Requirements Part 15.4: Wireless Medium Access Control (MAC) and Physical Layer (PHY) Specifications for Low-Rate Wireless Personal Area Networks (WPANs)}},
	url = {http://dx.doi.org/10.1109/ieeestd.2006.232110},
	year = {2006}
}

@Inbook{DinushaRathnayaka2012,
	author="Dinusha Rathnayaka, A. J.
	and Podar, Vidyasagar M.
	and Kuruppu, Samitha J.",
	editor="M'Sirdi, Nacer
	and Namaane, Aziz
	and Howlett, Robert J.
	and Jain, Lakhmi C.",
	title="Evaluation of Wireless Home Automation Technologies for Smart Mining Camps in Remote Western Australia",
	bookTitle="Sustainability in Energy and Buildings: Proceedings of the 3rd International Conference in Sustainability in Energy and Buildings (SEB'11)",
	year="2012",
	publisher="Springer Berlin Heidelberg",
	address="Berlin, Heidelberg",
	pages="109--118",
	isbn="978-3-642-27509-8",
	doi="10.1007/978-3-642-27509-8_9",
	url="https://doi.org/10.1007/978-3-642-27509-8_9"
}


@Article{s120911734,
	AUTHOR = {Gomez, Carles and Oller, Joaquim and Paradells, Josep},
	TITLE = {Overview and Evaluation of Bluetooth Low Energy: An Emerging Low-Power Wireless Technology},
	JOURNAL = {Sensors},
	VOLUME = {12},
	YEAR = {2012},
	NUMBER = {9},
	PAGES = {11734--11753},
	URL = {http://www.mdpi.com/1424-8220/12/9/11734},
	PubMedID = {23112680},
	ISSN = {1424-8220},
	DOI = {10.3390/s120911734}
}

@article{wirelesshomeautomationnetworks,
author = {Gomez, Carles and Paradells, Josep},
year = {2010},
month = {07},
pages = {92 - 101},
title = {Wireless Home Automation Networks: A Survey of Architectures and Technologies},
volume = {48},
booktitle = {Communications Magazine, IEEE}
}

@inproceedings{Ju:2013:CAM:2496021.2496295,
	author = {Ju, Hongtaek and Kim, Hyeonwoo and Lee, Shinho and Hong, Dong-kweon},
	title = {Correlation Analysis of MQTT Loss and Delay According to QoS Level},
	booktitle = {Proceedings of the 2013 International Conference on Information Networking (ICOIN)},
	series = {ICOIN '13},
	year = {2013},
	isbn = {978-1-4673-5740-1},
	pages = {714--717},
	numpages = {4},
	url = {https://doi.org/10.1109/ICOIN.2013.6496715},
	doi = {10.1109/ICOIN.2013.6496715},
	acmid = {2496295},
	publisher = {IEEE Computer Society},
	address = {Washington, DC, USA},
	keywords = {Subscribe,MQTT,Broker server,Publish},
} 